<?xml version="1.0" encoding="UTF-8"?><collection xmlns="http://www.loc.gov/MARC21/slim"><record><leader>00584nam--2200181-i-4500</leader><controlfield tag="001">000023274</controlfield><controlfield tag="002">20161230</controlfield><controlfield tag="005">20161230201034</controlfield><controlfield tag="008">060222s1000------------r-----000-0-fre-d</controlfield><datafield ind1=" " ind2=" " tag="040"><subfield code="a">IFIN-HH</subfield></datafield><datafield ind1=" " ind2=" " tag="041"><subfield code="a">fre</subfield></datafield><datafield ind1=" " ind2=" " tag="080"><subfield code="a">015:539.144.3</subfield></datafield><datafield ind1="1" ind2=" " tag="100"><subfield code="a">Hibou, Francois</subfield></datafield><datafield ind1="1" ind2="0" tag="245"><subfield code="a">Etudes experimentales de quelques niveaux 12b, 13c et 19o; considerations sur les melanges de configurations et sur l`interaction residuelle</subfield><subfield code="b">These</subfield><subfield code="c">Francois hibou</subfield></datafield><datafield ind1=" " ind2=" " tag="260"><subfield code="a">Strasbourg</subfield><subfield code="b">Universite Louis Pasteur</subfield><subfield code="c">1971</subfield></datafield><datafield ind1=" " ind2=" " tag="300"><subfield code="a">113 P</subfield></datafield><datafield ind1=" " ind2=" " tag="852"><subfield code="a">38101</subfield><subfield code="c">539.14</subfield></datafield><datafield ind1=" " ind2=" " tag="CAT"><subfield code="a">Sys</subfield><subfield code="c">20120328</subfield><subfield code="h">165619</subfield></datafield></record></collection>